@techreport{jiang2021wigner,
  author       = {Jiang, Tianchong},
  title        = {{Wigner's semicircle law for Gaussian random matrices}},
  institution  = {University of Chicago Mathematics REU},
  year         = {2021},
  month        = {August},
  url          = {https://math.uchicago.edu/~may/REU2021/REUPapers/Jiang,Tianchong.pdf},
  note         = {Expository REU paper; proofs for GOE and GUE ensembles}
}


@techreport{li2020wigner,
  author       = {Li, Lauren H.},
  title        = {{Wigner's Semicircle Law}},
  institution  = {MIT Physics Directed Reading Program},
  year         = {2020},
  month        = {January 29},
  url          = {https://phys-drp.mit.edu/sites/default/files/lhli_0.pdf},
  note         = {Mentor: Mikail Khona; Directed reading paper}
}


@misc{wikimedia_wigner,
  author       = {{Wikimedia Foundation}},
  title        = {{Wigner semicircle distribution}},
  howpublished = {\url{https://en.wikipedia.org/wiki/Wigner_semicircle_distribution}},
  year         = {2024},
  note         = {Last edited: October 7, 2024}
}


@misc{weisstein2025wigner,
  author       = {Weisstein, Eric W.},
  title        = {{Wigner's Semicircle Law}},
  howpublished = {Wolfram MathWorld: \url{https://mathworld.wolfram.com/WignersSemicircleLaw.html}},
  year         = {2025},
  note         = {Last updated: April 23, 2025}
}


@article{wigner1955characteristic,
  author    = {Wigner, Eugene P.},
  title     = {Characteristic Vectors of Bordered Matrices with Infinite Dimensions},
  journal   = {Annals of Mathematics},
  volume    = {62},
  number    = {3},
  pages     = {548--564},
  year      = {1955},
  publisher = {Princeton University Press},
  doi       = {10.2307/1970007},
}